<record><leader>00000nas a2200000 i 4500</leader><controlfield tag="001">895030488</controlfield><controlfield tag="006">m     o  d        </controlfield><controlfield tag="007">cr |||||||||||</controlfield><controlfield tag="008">141112d190819uuncuwn neo     0   a0eng  </controlfield><datafield ind1=" " ind2=" " tag="010"><subfield code="a">  2014218739</subfield></datafield><datafield ind1=" " ind2=" " tag="040"><subfield code="a">DLC</subfield><subfield code="b">eng</subfield><subfield code="e">rda</subfield><subfield code="c">DLC</subfield></datafield><datafield ind1="0" ind2=" " tag="022"><subfield code="a">2376-015X</subfield><subfield code="2">1</subfield></datafield><datafield ind1=" " ind2=" " tag="042"><subfield code="a">pcc</subfield><subfield code="a">nsdp</subfield></datafield><datafield ind1=" " ind2=" " tag="043"><subfield code="a">n-us-nc</subfield></datafield><datafield ind1="1" ind2="0" tag="050"><subfield code="a">ISSN RECORD</subfield></datafield><datafield ind1="0" ind2="0" tag="082"><subfield code="a">071</subfield><subfield code="2">23</subfield></datafield><datafield ind1="0" ind2=" " tag="130"><subfield code="a">Review (High Point, N.C.)</subfield></datafield><datafield ind1=" " ind2="4" tag="222"><subfield code="a">The review</subfield><subfield code="b">(High Point, N.C. Online)</subfield></datafield><datafield ind1="1" ind2="4" tag="245"><subfield code="a">The review.</subfield></datafield><datafield ind1="1" ind2="3" tag="246"><subfield code="a">High Point review</subfield><subfield code="f">&lt;Jan. 5, 1912&gt;-&lt;Aug. 17, 1922&gt;</subfield></datafield><datafield ind1=" " ind2="1" tag="264"><subfield code="a">High Point, N. C. :</subfield><subfield code="b">W. L. Stamey</subfield></datafield><datafield ind1=" " ind2=" " tag="300"><subfield code="a">1 online resource</subfield></datafield><datafield ind1=" " ind2=" " tag="310"><subfield code="a">Weekly (except Christmas)</subfield></datafield><datafield ind1=" " ind2=" " tag="336"><subfield code="a">text</subfield><subfield code="b">txt</subfield><subfield code="2">rdacontent</subfield></datafield><datafield ind1=" " ind2=" " tag="337"><subfield code="a">computer</subfield><subfield code="b">c</subfield><subfield code="2">rdamedia</subfield></datafield><datafield ind1=" " ind2=" " tag="338"><subfield code="a">online resource</subfield><subfield code="b">cr</subfield><subfield code="2">rdacarrier</subfield></datafield><datafield ind1="1" ind2=" " tag="362"><subfield code="a">Began in 1908.</subfield></datafield><datafield ind1=" " ind2=" " tag="515"><subfield code="a">Numbering is erratic.</subfield></datafield><datafield ind1=" " ind2=" " tag="588"><subfield code="a">Description based on: Vol. 5, no. 17 (Oct. 22, 1910); title from masthead (Chroniclingamerica.loc.gov, viewed November 12, 2014).</subfield></datafield><datafield ind1=" " ind2=" " tag="588"><subfield code="a">Latest issue consulted: Vol. 30, no. 16 (December 22, 1921) (Chroniclingamerica.loc.gov, viewed November 12, 2014).</subfield></datafield><datafield ind1=" " ind2="0" tag="651"><subfield code="a">High Point (N.C.)</subfield><subfield code="v">Newspapers.</subfield></datafield><datafield ind1=" " ind2=" " tag="752"><subfield code="a">United States</subfield><subfield code="b">North Carolina</subfield><subfield code="c">Guilford</subfield><subfield code="d">High Point.</subfield></datafield><datafield ind1="0" ind2="8" tag="776"><subfield code="i">Originally issued in print:</subfield><subfield code="t">Review (High Point, N.C.)</subfield><subfield code="x">2376-0141</subfield><subfield code="w">(DLC)sn 91068415</subfield><subfield code="w">(OCoLC)24679194</subfield></datafield><datafield ind1="4" ind2="0" tag="856"><subfield code="u">http://www.loc.gov/chroniclingamerica/lccn/sn91068415/issues</subfield></datafield></record>